@article{Wei.2018,
	title={LiDAR and Camera Detection Fusion in a Real-Time
Industrial Multi-Sensor Collision Avoidance System},
	author={Wei, Pan and Cagle, Lucas and Reza, Tasmia and Ball, John and Gafford, James},
	journal={Electronics},
	year={2018},
	month={6},
	volume={7},
	number={6},
	doi={10.3390/electronics7060084},
	issn={2079-9292}
}

@Online{Node.2019,
	title={About Node.js},
	author={Node.js Foundation},
	url={https://nodejs.org/en/about/},
	urldate={2019-06-11}
}

@Online{Compose.2019,
	title={Compose file version 3 reference},
	author={Docker Inc.},
	url={https://docs.docker.com/compose/compose-file/},
	urldate={2019-06-12}
}


@incollection{Shackleton.2010,
	author={John Shackleton and Brian VanVoorst and Joel Hesch}, 
 	booktitle={2010 7th IEEE International Conference on Advanced Video and Signal Based 	Surveillance}, 
 	title={Tracking People with a 360-Degree Lidar}, 
 	year={2010}, 
	pages={420--426}, 
 	doi={10.1109/AVSS.2010.52}, 
 month={08}
}

@INPROCEEDINGS{Ester.1996,
    author = {Martin Ester and Hans-Peter Kriegel and Jörg Sander and Xiaowei Xu},
    title = {A density-based algorithm for discovering clusters in large spatial databases with noise},
    booktitle = {Proceedings of the Second International Conference on Knowledge Discovery and Data Mining},
    year = {1996},
    pages = {226--231},
    publisher = {AAAI Press}
}

@manual{velodyne.2016,
    organization  = "Velodyne LiDAR",
    title         = "Velodyne VLP-16 User Manual",
    number        = "63-9243",
    year          =  2016, 
    note          = "Rev. D"
}

@manual{velodyne.2015,
    organization  = "Velodyne Acoustics",
    title         = "Velodyne VLP-16 Datasheet",
    number        = "63-9229",
    year          =  2015,
    note          = "Rev. B"
}


@book{Chadorow.2013,
	title={MongoDB: The Definitive Guide},
	author={Chadorow, Kristina},
	isbn={9781449344689},
	year={2013},
	address={Sebastopol, USA},
	edition = {2., vollst. {\"u}berarb. Aufl.},
	publisher={O'Reilly Media USA}
}

@book{Holmes.2013,
	title={Mongoose for Application Development},
	author={Holmes, Simon},
	isbn={9781782168195},
	year={2013},
	address = {Birmingham, UK},
	publisher={Packt Publishing}
}

@book{Pietruszka.2012,
	title={MATLAB und Simulink in der Ingenieurpraxis},
	titleaddon={Modellbildung, Berechnung und Simulation},	
	author={Pietruszka, Wolf Dieter},
	isbn={9783834817648},
	year={2012},
	address = {Wiesbaden},
	edition = {3., berarb. und erw. Aufl.},
	publisher={Vieweg+Teubner Verlag}
}

@book{Bosl.2017,
	title={Einführung in MATLAB/Simulink},
	titleaddon={Berechnung, Programmierung, Simulation},	
	author={Bosl, Angelika},
	isbn={9783446442696},
	year={2017},
	address = {München},
	edition = {2., neu berarb. Aufl.},
	publisher={Carl Hanser Verlag}
}

@book{Ester.2000,
	title={Knowledge Discovery in Databases},
	titleaddon={Techniken und Anwendungen},
	author={Ester, Martin and Sander, Jörg},
	isbn={9783540673286},
	year={2000},
	address = {Berlin},
	publisher={Spinger-Verlag Berlin Heidelberg}
}

@book{Geduld.2012,
	title={Handbuch Fahrerassistenzsysteme},
	titleaddon={Grundlagen, Komponenten und Systeme für aktive Sicherheit und Komfort},
	bookauthor={Winner, Hermann and Hakuli, Stephan and Wolf, Gabriele},
	author={Geduld,Georg},
	isbn={9783834814579},
	year={2012},
	pages       = {172-185},
  	chapter     = 13,
	address = {Wiesbaden},
	edition = {2., korrigierte Aufl.},
	publisher={Vieweg+Teubner Verlag}
}

@book{Winner.2012,
	title={Handbuch Fahrerassistenzsysteme},
	titleaddon={Grundlagen, Komponenten und Systeme für aktive Sicherheit und Komfort},
	bookauthor={Winner, Hermann and Hakuli, Stephan and Wolf, Gabriele},
	author={Winner,Hermann},
	isbn={9783834814579},
	year={2012},
	pages       = {123-171},
  	chapter     = 12,
	address = {Wiesbaden},
	edition = {2., korrigierte Aufl.},
	publisher={Vieweg+Teubner Verlag}
}

@book{Reif.2010,
	title={Fahrstabilisierungssysteme und Fahrerassistenzsysteme},
	bookauthor={Reif, Konrad},
	author={Knoll, Peter},
	isbn={9783834813145},
	year={2010},
	address = {Wiesbaden},
	publisher={Vieweg+Teubner Verlag}
}

@inbook{Tille.2018,
	booktitle={Automobil-Sensorik 2 },
	booktitleaddon={Systeme, Technologien und Applikationen},
	bookauthor={Tille, Thomas},
	title={LiDAR-Sensorsystem für automatisiertes und autonomes Fahren},
	author={Kernhof, Jürgen and Leuckfeld, Jan and Tavano, Guiseppe},
	isbn={9783662563090},
	year={2018},
	pages       = {29--54},
  	chapter     = 2,
	address = {München},
	publisher={Springer-Verlag Berlin Heidelberg}
}


@article{Fischler.1981,
author = {A. Fischler, Martin and C. Bolles, Robert},
year = {1981},
month = {06},
pages = {381-395},
title = {Random Sample Consensus: A Paradigm for Model Fitting with Applications To Image Analysis and Automated Cartography},
volume = {24},
journal = {Communications of the ACM},
doi = {10.1145/358669.358692}
}

@book{Marchthaler.2017,
	title={Kalman-Filter},
	titleaddon = {Einf{\"u}hrung in die Zustandssch{\"a}tzung und ihre Anwendung für eingebettete Systeme},
	author={Marchthaler, Reiner and Dingler, Sebastian},
	isbn={9783658167271},
	year={2017},
	address = {Wiesbaden},
	publisher={Springer Vieweg}
}

@Article{Rasshofer.2005,
AUTHOR = {Rasshofer, R. H. and Gresser, K.},
TITLE = {Automotive Radar and Lidar Systems for Next Generation Driver Assistance Functions},
JOURNAL = {Advances in Radio Science},
VOLUME = {3},
YEAR = {2005},
PAGES = {205--209},
DOI = {10.5194/ars-3-205-2005}
}

@ARTICLE{Lloyd.1982,
    author = {Lloyd, Stuart P.},
    title = {Least squares quantization in pcm},
    journal = {IEEE Transactions on Information Theory},
    year = {1982},
    volume = {28},
    pages = {129--137}
}

@ARTICLE{Kalman.1960,
    Author = {Kalman, Rudolph Emil},
    Title = {A New Approach to Linear Filtering and Prediction Problems},
    Journal = {Transactions of the ASME--Journal of Basic Engineering},
    Volume = {82},
    Number = {Series D},
    Pages = {35--45},
    Year = {1960}
}

@INPROCEEDINGS{Fayad.2007, 
 author={Fayad, Fadi and Cherfaoui, Veronique}, 
 booktitle={2007 IEEE Intelligent Vehicles Symposium}, 
 title={Tracking objects using a laser scanner in driving situation based on modeling target shape}, 
 year={2007}, 
 volume={}, 
 number={}, 
 pages={44-49}, 
 doi={10.1109/IVS.2007.4290089}, 
 ISSN={1931-0587}, 
 month={06},}

@book{Bauer.2014,
	author = {Tiemeyer, Ernst and Bauer, Nikolai and Beims, Martin and Bergmann, Robert and Ebert, Christof and Eckardt, Carsten and Eckkrammer, Florian and Eckkrammer, Tobias and Gollner, Helmut and Hauptmann, Jens and Hruschka, Peter and Klotz, Michael and Litke, Hans-Dieter and Melbinger, Wilhelm and Nehfort, Andreas and Sneed, Harry M. and Zsifkovits, Helmut E.},
	year = {2014},
	title = {Handbuch IT-Projektmanagement: Vorgehensmodelle, Managementinstrumente, Good Practices ; [mit kostenlosem E-Book]},
	address = {M{\"u}nchen},
	edition = {2., {\"u}berarb. u. erw. Aufl},
	publisher = {Hanser, Carl},
	isbn = {9783446440746}
}

@ARTICLE{Thorndike.1953,
    author = {Robert L. Thorndike},
    title = {Who belongs in the family?},
    journal = {Psychometrika},
    year = {1953},
    pages = {267-276},
     doi={10.1007/BF02289263}
}

@inproceedings{Mahalanobis.1936,
  title={On the generalized distance in statistics},
  author={Mahalanobis, Prasanta Chandra},
  year={1936},
  pages = {49-55},
  volume = 2,
  organization={National Institute of Science of India}
}